<?xml version="1.0" encoding="UTF-8"?><collection xmlns="http://www.loc.gov/MARC21/slim"><record><leader>00494nam--2200169-i-4500</leader><controlfield tag="001">000024659</controlfield><controlfield tag="002">20161230</controlfield><controlfield tag="005">20161230201035</controlfield><controlfield tag="008">060222s1000------------r-----000-0-eng-d</controlfield><datafield ind1=" " ind2=" " tag="040"><subfield code="a">IFIN-HH</subfield></datafield><datafield ind1=" " ind2=" " tag="080"><subfield code="a">539.143.5(043)</subfield></datafield><datafield ind1="1" ind2=" " tag="100"><subfield code="a">Jansen, J.F.W</subfield></datafield><datafield ind1="1" ind2="0" tag="245"><subfield code="a">Internal conversion studies of e2 transitions and the level structure of 196 pt</subfield><subfield code="b">Dissertation</subfield><subfield code="c">J.f.w. jansen</subfield></datafield><datafield ind1=" " ind2=" " tag="260"><subfield code="a">Amsterdam</subfield><subfield code="b">Universiteit</subfield><subfield code="c">1967</subfield></datafield><datafield ind1=" " ind2=" " tag="300"><subfield code="a">110P</subfield></datafield><datafield ind1=" " ind2=" " tag="852"><subfield code="a">78078</subfield><subfield code="c">539.14</subfield></datafield><datafield ind1=" " ind2=" " tag="CAT"><subfield code="a">Sys</subfield><subfield code="c">20120405</subfield><subfield code="h">172001</subfield></datafield></record></collection>